@misc{PFGPlots,
    author = {PFGPlots},
    title = {A LaTeX package to create plots.},
	url = {https://pgfplots.sourceforge.net/}
}

@report{worldbank2025,
  author = {World Bank},
  title = {Skill and Employment for Tongans},
  year = {2025},
  institution = {World Bank},
  address = {Washington, DC},
  url = {https://www.worldbank.org/en/report-url},
  number = {P161541}
}


@article{IMF_ArticleIV,
    author = {International Monetary Fund},
    title = {Tonga: 2024 Article IV Consultation-Press Release; Staff Report; and Statement by the Executive Director for Tonga},
    journal = {IMF},
    year = {2025},
    url = {https://doi.org/10.5089/9798400293801.002}
}

@article{HIES,
    author = {Olivier Menaouer and Michael Sharp and Pacific Community},
    title = {Tonga Household Income and Expenditure Survey Report},
    journal = {World Bank},
    year = {2021},
    url = {https://tongastats.gov.to/8062-2/}
}

@article{PALM,
    author = {Australia Government},
    title = {PALM Scheme Data},
    journal = {Pacific Australia Labor Mobility},
    year = {2025},
    url = {https://www.palmscheme.gov.au/palm-scheme-data}
}

@article{Budget_Statement,
    author = {Ministry of Finance},
    title = {Budget Statement FY2026},
    journal = {MOF},
    year = {2025},
    url = {https://www.finance.gov.to/budgetpublication}
}

@article{Bradford,
    author = {Ben Bradford},
    title = {How have in-country numbers of seasonal workers recruited for the RSE scheme and short-term PALM stream been tracking since July 2023?},
    journal = {Research Gate},
    year = {2024},
    url = {DOI:10.13140/RG.2.2.19404.22400}
}

@article{Bradford_a,
    author = {Richard Bradford},
    title = {The RSE after 16 years: a milestone, a stocktake and a forecast},
    journal = {Research Gate},
    year = {2024},
    url = {DOI:10.13140/RG.2.2.25227.30249}
}

@article{Curtain,
    author = {Richard Curtain},
    title = {The falling demand for seasonal workers},
    journal = {Devblog},
    year = {2025},
    url = {https://devpolicy.org/the-falling-demand-for-seasonal-workers-20240424/}
}
